@FOOTNOTE{Note1,key="Note1",note="Link: https://exoplanetarchive.ipac.caltech.edu/docs/KeplerDV.html"}
@FOOTNOTE{Note2,key="Note2",note="Link: https://exoplanetarchive.ipac.caltech.edu/bulk\protect \_data\protect \_download/\\Kepler\protect \_KOI\protect \_DV\protect \_wget.bat"}
@CONTROL{REVTEX41Control}
@CONTROL{aip41Control,pages="1",title="0"}
